@misc{main,
    author= {{叶益聪}},
    year  = {2023},
    title = {简明固体物理},
    note  = {\url{https://www.icourse163.org/course/NUDT-1206139804},
            Last accessed on 2023-12-2}, 
}

@misc{zhihu2,
    author= {{文生于}},
    year  = {2022},
    title = {固体物理：3.4 电子热容},
    note  = {\url{https://zhuanlan.zhihu.com/p/483552091},
            Last accessed on 2023-12-2}, 
}

@article{phonon,
  title={“声子” 的诞生},
  author={谢梦祥 and 任捷},
  journal={物理},
  volume={51},
  number={12},
  pages={855--865},
  year={2022},
  publisher={物理}
}

@article{1DC,
  title={对一维原子链晶格振动的讨论},
  author={李书义},
  journal={中国西部科技},
  number={4},
  pages={36--37},
  year={2006}
}